<?xml version="1.0" encoding="UTF-8"?><collection xmlns="http://www.loc.gov/MARC21/slim"><record><leader>00504nam--2200181-i-4500</leader><controlfield tag="001">000046908</controlfield><controlfield tag="002">20161230</controlfield><controlfield tag="005">20161230201046</controlfield><controlfield tag="008">060222s1000------------r-----000-0-eng-d</controlfield><datafield ind1=" " ind2=" " tag="040"><subfield code="a">IFIN-HH</subfield></datafield><datafield ind1=" " ind2=" " tag="041"><subfield code="a">eng</subfield></datafield><datafield ind1=" " ind2=" " tag="080"><subfield code="a">518.12:518.2</subfield></datafield><datafield ind1=" " ind2=" " tag="100"><subfield code="a">Warmus, Mieczyslaw</subfield></datafield><datafield ind1=" " ind2=" " tag="245"><subfield code="a">Tables of lagrange coefficients for quadratic interpolations</subfield><subfield code="c">Mieczyslaw warmus</subfield></datafield><datafield ind1=" " ind2=" " tag="260"><subfield code="a">Warszawa, Polish Scientific Publ., 1966</subfield></datafield><datafield ind1=" " ind2=" " tag="300"><subfield code="a">VIII + 500P</subfield></datafield><datafield ind1=" " ind2=" " tag="852"><subfield code="a">28564</subfield><subfield code="c">518.2</subfield></datafield><datafield ind1=" " ind2=" " tag="CAT"><subfield code="a">Sys</subfield><subfield code="c">20100318</subfield><subfield code="h">120043</subfield></datafield></record></collection>